@InProceedings{pmlr-v80-wehrmann18a, title = {Hierarchical Multi-Label Classification Networks}, author = {Wehrmann, Jonatas and Cerri, Ricardo and Barros, Rodrigo}, booktitle = {Proceedings of the 35th International Conference on Machine Learning}, pages = {5075--5084}, year = {2018}, editor = {Jennifer Dy and Andreas Krause}, volume = {80}, series = {Proceedings of Machine Learning Research}, address = {Stockholmsmässan, Stockholm Sweden}, month = {10--15 Jul}, publisher = {PMLR}, pdf = {http://proceedings.mlr.press/v80/wehrmann18a/wehrmann18a.pdf} } 
@inproceedings{shimura-etal-2018-hft,
    title = "{HFT}-{CNN}: Learning Hierarchical Category Structure for Multi-label Short Text Categorization",
    author = "Shimura, Kazuya  and
      Li, Jiyi  and
      Fukumoto, Fumiyo",
    booktitle = "Proceedings of the 2018 Conference on Empirical Methods in Natural Language Processing",
    month = oct # "-" # nov,
    year = "2018",
    address = "Brussels, Belgium",
    publisher = "Association for Computational Linguistics",
    url = "https://www.aclweb.org/anthology/D18-1093",
    doi = "10.18653/v1/D18-1093",
    pages = "811--816",
}
@inproceedings{banerjee-etal-2019-hierarchical,
    title = "Hierarchical Transfer Learning for Multi-label Text Classification",
    author = "Banerjee, Siddhartha  and
      Akkaya, Cem  and
      Perez-Sorrosal, Francisco  and
      Tsioutsiouliklis, Kostas",
    booktitle = "Proceedings of the 57th Annual Meeting of the Association for Computational Linguistics",
    month = jul,
    year = "2019",
    address = "Florence, Italy",
    publisher = "Association for Computational Linguistics",
    url = "https://www.aclweb.org/anthology/P19-1633",
    doi = "10.18653/v1/P19-1633",
    pages = "6295--6300",
}
@misc{zhang2021lahcn,
      title={LA-HCN: Label-based Attention for Hierarchical Multi-label TextClassification Neural Network}, 
      author={Xinyi Zhang and Jiahao Xu and Charlie Soh and Lihui Chen},
      year={2021},
      eprint="2009.10938",
      archivePrefix={arXiv},
      primaryClass={cs.CL}
}
@misc{devlin2019bert,
      title={BERT: Pre-training of Deep Bidirectional Transformers for Language Understanding}, 
      author={Jacob Devlin and Ming-Wei Chang and Kenton Lee and Kristina Toutanova},
      year={2019},
      eprint="1810.04805",
      archivePrefix={arXiv},
      primaryClass={cs.CL}
}
@inproceedings{bertweet,
    title     = {{BERTweet: A pre-trained language model for English Tweets}},
    author    = {Dat Quoc Nguyen and Thanh Vu and Anh Tuan Nguyen},
    booktitle = {Proceedings of the 2020 Conference on Empirical Methods in Natural Language Processing: System Demonstrations},
    year      = {2020},
    pages     = {9--14}
}
@Inbook{kmeans,
    author="Jin, Xin
    and Han, Jiawei",
    editor="Sammut, Claude
    and Webb, Geoffrey I.",
    title="K-Means Clustering",
    bookTitle="Encyclopedia of Machine Learning",
    year="2010",
    publisher="Springer US",
    address="Boston, MA",
    pages="563--564",
    isbn="978-0-387-30164-8",
    doi="10.1007/978-0-387-30164-8_425",
    url="https://doi.org/10.1007/978-0-387-30164-8_425"
}
@inproceedings{dbscan,
    author = {Ester, Martin and Kriegel, Hans-Peter and Sander, J\"{o}rg and Xu, Xiaowei},
    title = {A Density-Based Algorithm for Discovering Clusters in Large Spatial Databases with Noise},
    year = {1996},
    publisher = {AAAI Press},
    booktitle = {Proceedings of the Second International Conference on Knowledge Discovery and Data Mining},
    pages = {226–231},
    numpages = {6},
    keywords = {clustering algorithms, arbitrary shape of clusters, handling nlj4-275oise, efficiency on large spatial databases},
    location = {Portland, Oregon},
    series = {KDD'96}
}
@article{Malzer_2020,
    title={A Hybrid Approach To Hierarchical Density-based Cluster Selection},
    ISBN={9781728164229},
    url="http://dx.doi.org/10.1109/MFI49285.2020.9235263",
    DOI="10.1109/mfi49285.2020.9235263",
    journal={2020 IEEE International Conference on Multisensor Fusion and Integration for Intelligent Systems (MFI)},
    publisher={IEEE},
    author={Malzer, Claudia and Baum, Marcus},
    year={2020},
    month={Sep}
}
@misc{reimers2019sentencebert,
      title={Sentence-BERT: Sentence Embeddings using Siamese BERT-Networks}, 
      author={Nils Reimers and Iryna Gurevych},
      year={2019},
      eprint="1908.10084",
      archivePrefix={arXiv},
      primaryClass={cs.CL}
}
@article{Mao_2019,
   title={Hierarchical Text Classification with Reinforced Label Assignment},
   url="http://dx.doi.org/10.18653/v1/D19-1042",
   DOI="10.18653/v1/d19-1042",
   journal={Proceedings of the 2019 Conference on Empirical Methods in Natural Language Processing and the 9th International Joint Conference on Natural Language Processing (EMNLP-IJCNLP)},
   publisher={Association for Computational Linguistics},
   author={Mao, Yuning and Tian, Jingjing and Han, Jiawei and Ren, Xiang},
   year={2019}
}
@inproceedings{Gopal,
author = {Gopal, Siddharth and Yang, Yiming},
title = {Recursive Regularization for Large-Scale Classification with Hierarchical and Graphical Dependencies},
year = {2013},
isbn = {9781450321747},
publisher = {Association for Computing Machinery},
address = {New York, NY, USA},
url = "https://doi.org/10.1145/2487575.2487644",
doi = "10.1145/2487575.2487644",
booktitle = {Proceedings of the 19th ACM SIGKDD International Conference on Knowledge Discovery and Data Mining},
pages = {257–265},
numpages = {9},
keywords = {large-scale evaluation, hierarchical classification, recursive regularization, parallel optimization},
location = {Chicago, Illinois, USA},
series = {KDD '13}
}